<record><leader>00000cas a22000007a 4500</leader><controlfield tag="001">18806658</controlfield><controlfield tag="008">881128d19091984mouwr ne      0    0eng d</controlfield><datafield ind1=" " ind2=" " tag="010"><subfield code="a">sn 88068108 </subfield></datafield><datafield ind1=" " ind2=" " tag="040"><subfield code="a">MQN</subfield><subfield code="b">eng</subfield><subfield code="c">MQN</subfield><subfield code="d">OCLCQ</subfield></datafield><datafield ind1=" " ind2=" " tag="042"><subfield code="a">msc</subfield></datafield><datafield ind1="0" ind2="0" tag="245"><subfield code="a">South Missourian-democrat.</subfield></datafield><datafield ind1=" " ind2=" " tag="260"><subfield code="a">Alton, Mo. :</subfield><subfield code="b">Henry B. King,</subfield><subfield code="c">1909-1984.</subfield></datafield><datafield ind1=" " ind2=" " tag="300"><subfield code="a">v.</subfield></datafield><datafield ind1=" " ind2=" " tag="310"><subfield code="a">Weekly</subfield></datafield><datafield ind1="0" ind2=" " tag="362"><subfield code="a">Vol. 39, no. 15 (May 6, 1909)-v. 113, no. 4 (Jan. 19, 1984).</subfield></datafield><datafield ind1=" " ind2=" " tag="515"><subfield code="a">Issues for Apr. 14, 1927-Apr. 12, 1928 numbered vol. 56-v. 57 but constitute v. 57-v. 58.</subfield></datafield><datafield ind1=" " ind2=" " tag="752"><subfield code="a">United States</subfield><subfield code="b">Missouri</subfield><subfield code="c">Oregon</subfield><subfield code="d">Alton.</subfield></datafield><datafield ind1="0" ind2="4" tag="780"><subfield code="t">Oregon County democrat</subfield><subfield code="w">(DLC)sn 88068107</subfield></datafield><datafield ind1="0" ind2="4" tag="780"><subfield code="t">South Missourian (Alton, Mo. : 1905)</subfield><subfield code="w">(DLC)sn 88068106</subfield></datafield><datafield ind1="0" ind2="7" tag="785"><subfield code="t">Thayer news (Thayer, Mo.)</subfield><subfield code="w">(DLC)sn 88068110</subfield></datafield><datafield ind1="0" ind2="7" tag="785"><subfield code="t">Thayer news south Missourian democrat</subfield><subfield code="w">(DLC)sn 88068109</subfield></datafield></record>